@article{reeder,
  title={On the cohomology of compact Lie groups},
  author={Reeder, Mark},
  journal={Enseignement Math{\'e}matique},
  volume={41},
  pages={181--200},
  year={1995},
  publisher={SWETS \& ZEITLINGER}
}

@article{lee,
  title={Introduction to smooth manifolds},
  author={Lee John, M},
  journal={Graduate Texts in Mathematics},
  volume={218},
  year={2003}
}

@article{fok,
  title={Cohomology and K-theory of compact Lie groups},
  author={Fok, Chi-Kwong},
  journal={Unpublished, available at http://pi. math. cornell. edu/ckfok/Cohomology Lie groups. pdf},
  year={2010}
}

@misc{zhang,
  title={Review of the cohomology of compact Lie groups},
  author={Zhang, Yang}
}

@article{chevalley,
  title={Cohomology theory of Lie groups and Lie algebras},
  author={Chevalley, Claude and Eilenberg, Samuel},
  journal={Transactions of the American Mathematical society},
  volume={63},
  number={1},
  pages={85--124},
  year={1948},
  publisher={JSTOR}
}
