@book{odonnell,
title={Analysis of Boolean Functions},
author="Ryan O'Donnell",
publisher="Cambridge University Press",
year="2014"
}

@misc{hatami,
title={Harmonic Analysis of Boolean Functions},
author="Hamed Hatami",
publisher={School of Computer Science, McGill University}
}

@article{lmn,
author = {Linial, Nathan and Mansour, Yishay and Nisan, Noam},
title = {Constant Depth Circuits, Fourier Transform, and Learnability},
year = {1993},
issue_date = {July 1993},
publisher = {Association for Computing Machinery},
address = {New York, NY, USA},
volume = {40},
number = {3},
issn = {0004-5411},
url = {https://doi.org/10.1145/174130.174138},
doi = {10.1145/174130.174138},
journal = {J. ACM},
month = jul,
pages = {607â€“620},
numpages = {14},
}

@InProceedings{tal,
author =	{Avishay Tal},
title =	{{Tight Bounds on the Fourier Spectrum of AC0}},
booktitle =	{32nd Computational Complexity Conference (CCC 2017)},
pages =	{15:1--15:31},
series =	{Leibniz International Proceedings in Informatics (LIPIcs)},
ISBN =	{978-3-95977-040-8},
ISSN =	{1868-8969},
year =	{2017},
volume =	{79},
editor =	{Ryan O'Donnell},
publisher =	{Schloss Dagstuhl--Leibniz-Zentrum fuer Informatik},
address =	{Dagstuhl, Germany},
URL =		{http://drops.dagstuhl.de/opus/volltexte/2017/7525},
URN =		{urn:nbn:de:0030-drops-75258},
doi =		{10.4230/LIPIcs.CCC.2017.15},
annote =	{Keywords: bounded depth circuits, Fourier analysis, k-wise independence, Boolean circuits, switching lemma}
}
@book{serre,
author =   {Jean-Pierre Serre},
title =    {Linear Representations of Finite Groups},
publisher = {Springer},
series =   {Graduate Texts in Mathematics},
year = 1977,
volume =  42
}

@book{hastad,
author = {H\r{a}stad, Johan Torkel},
title = {Computational Limitations for Small-Depth Circuits},
year = {1987},
isbn = {0262081679},
publisher = {MIT Press},
address = {Cambridge, MA, USA}
}

@book{rudin,
  title={Fourier Analysis on Groups},
  author={Rudin, W.},
  isbn={9780486821016},
  series={Dover Books on Mathematics},
  year={2017},
  publisher={Dover Publications}
}

@book{ceccherini,
  title={Discrete Harmonic Analysis: Representations, Number Theory, Expanders, and the Fourier Transform},
  author={Ceccherini-Silberstein, T. and Scarabotti, F. and Tolli, F.},
  isbn={9781107182332},
  lccn={2017057902},
  series={Cambridge Studies in Advanced Mathematics},
  url={https://books.google.com/books?id=TblaDwAAQBAJ},
  year={2018},
  publisher={Cambridge University Press}
}

@book{webb,
  title={A Course in Finite Group Representation Theory},
  author={Webb, P.},
  isbn={9781107162396},
  lccn={2016013913},
  series={Cambridge Studies in Advanced Mathematics},
  url={https://books.google.com/books?id=BbbDDAAAQBAJ},
  year={2016},
  publisher={Cambridge University Press}
}

@article{razborov,
  title={Lower bounds for the size of circuits of bounded depth with basis f\^{}; g},
  author={Razborov, Alexander A},
  journal={Math. notes of the Academy of Sciences of the USSR},
  volume={41},
  number={4},
  pages={333--338},
  year={1987},
  publisher={Citeseer}
}

@inproceedings{smolensky,
  title={Algebraic methods in the theory of lower bounds for Boolean circuit complexity},
  author={Smolensky, Roman},
  booktitle={Proceedings of the nineteenth annual ACM symposium on Theory of computing},
  pages={77--82},
  year={1987}
}

@article{mansour,
  title={The computational complexity of universal hashing},
  author={Mansour, Yishay and Nisan, Noam and Tiwari, Prasoon},
  journal={Theoretical Computer Science},
  volume={107},
  number={1},
  pages={121--133},
  year={1993},
  publisher={Elsevier}
}

@inproceedings{talshrinkage,
  title={Shrinkage of De Morgan formulae by spectral techniques},
  author={Tal, Avishay},
  booktitle={2014 IEEE 55th Annual Symposium on Foundations of Computer Science},
  pages={551--560},
  year={2014},
  organization={IEEE}
}
